<record><leader>00000cas a22000007a 4500</leader><controlfield tag="001">16823468</controlfield><controlfield tag="008">871007d18571861ohuwr ne      0    0eng d</controlfield><datafield ind1=" " ind2=" " tag="010"><subfield code="a">sn 87075124 </subfield></datafield><datafield ind1=" " ind2=" " tag="040"><subfield code="a">ONP</subfield><subfield code="b">eng</subfield><subfield code="c">ONP</subfield><subfield code="d">OCLCQ</subfield></datafield><datafield ind1=" " ind2=" " tag="042"><subfield code="a">msc</subfield></datafield><datafield ind1="0" ind2="0" tag="245"><subfield code="a">Iron Valley express.</subfield></datafield><datafield ind1=" " ind2=" " tag="260"><subfield code="a">Jackson C.H., O. [Ohio] :</subfield><subfield code="b">A. Pearce &amp; J.T. Spence</subfield></datafield><datafield ind1=" " ind2=" " tag="310"><subfield code="a">Weekly</subfield></datafield><datafield ind1="1" ind2=" " tag="362"><subfield code="a">Began in 1857; ceased in 1861?</subfield></datafield><datafield ind1=" " ind2=" " tag="588"><subfield code="a">Description based on: Vol. 1, no. 26 (Feb. 26, 1858).</subfield></datafield><datafield ind1=" " ind2=" " tag="752"><subfield code="a">United States</subfield><subfield code="b">Ohio</subfield><subfield code="c">Jackson</subfield><subfield code="d">Jackson.</subfield></datafield><datafield ind1=" " ind2=" " tag="752"><subfield code="a">United States</subfield><subfield code="b">Ohio</subfield><subfield code="c">Jackson</subfield><subfield code="d">Jackson Court House.</subfield></datafield><datafield ind1="0" ind2="0" tag="785"><subfield code="t">Jackson express</subfield><subfield code="w">(DLC)sn 87075011</subfield></datafield></record>